<?xml version="1.0" encoding="UTF-8" ?><marc:collection xmlns:marc="http://www.loc.gov/MARC21/slim" xmlns:xsi="http://www.w3.org/2001/XMLSchema-instance" xsi:schemaLocation="http://www.loc.gov/MARC21/slim http://www.loc.gov/standards/marcxml/schema/MARC21slim.xsd">
<marc:record><marc:leader>02636cam a2200457Mi 4500</marc:leader>
<marc:controlfield tag="001">b14513651</marc:controlfield>
<marc:controlfield tag="003">UaCaAUL</marc:controlfield><marc:controlfield tag="005">20181025014012.0</marc:controlfield><marc:controlfield tag="008">961104s1946    ua            000 0 ara d</marc:controlfield><marc:datafield tag="035" ind1=" " ind2=" "><marc:subfield code="a">(OCoLC)416584888</marc:subfield></marc:datafield><marc:datafield tag="040" ind1=" " ind2=" "><marc:subfield code="a">LOA</marc:subfield><marc:subfield code="b">eng</marc:subfield><marc:subfield code="e">rda</marc:subfield><marc:subfield code="c">LOA</marc:subfield><marc:subfield code="d">OCLCQ</marc:subfield><marc:subfield code="d">OCLCF</marc:subfield><marc:subfield code="d">OCLCO</marc:subfield><marc:subfield code="d">OCLCQ</marc:subfield><marc:subfield code="d">MEAUC</marc:subfield></marc:datafield><marc:datafield tag="049" ind1=" " ind2=" "><marc:subfield code="a">MAIN</marc:subfield></marc:datafield><marc:datafield tag="050" ind1=" " ind2="4"><marc:subfield code="a">KBP295</marc:subfield><marc:subfield code="b">.K28 1946</marc:subfield></marc:datafield><marc:datafield tag="066" ind1=" " ind2=" "><marc:subfield code="c">(3</marc:subfield></marc:datafield><marc:datafield tag="090" ind1=" " ind2=" "><marc:subfield code="a">KBP295</marc:subfield><marc:subfield code="b">.K28 1946</marc:subfield></marc:datafield><marc:datafield tag="100" ind1="1" ind2=" "><marc:subfield code="6">880-01</marc:subfield><marc:subfield code="a">Kawtharī, Muḥammad Zāhid ibn al-Ḥasan,</marc:subfield><marc:subfield code="e">author.</marc:subfield></marc:datafield><marc:datafield tag="245" ind1="1" ind2="3"><marc:subfield code="6">880-02</marc:subfield><marc:subfield code="a">al-Nukat al-ṭarīfah fī al-taḥadduth ʻan rudūd Ibn Abī Shaybah ʻalá Abī Ḥanīfah /</marc:subfield><marc:subfield code="c">taʼlīf al-faqīr ilayhi taʻālá Muḥammad Zāhid ibn al-Ḥasan al-Kawtharī, wakīl mashyakhat al-islām bi-Dār al-Khilāfah al-ʻUthmānīyah sābiqan.</marc:subfield></marc:datafield><marc:datafield tag="246" ind1="3" ind2="0"><marc:subfield code="6">880-03</marc:subfield><marc:subfield code="a">Rudūd Ibn Abī Shaybah ʻalá Abī Ḥanīfah.</marc:subfield></marc:datafield><marc:datafield tag="264" ind1=" " ind2="1"><marc:subfield code="6">880-04</marc:subfield><marc:subfield code="a">al-Qāhirah :</marc:subfield><marc:subfield code="b">Maktabat al-Anwār bi-al-Qāhirah,</marc:subfield><marc:subfield code="c">1365 H [1946]</marc:subfield></marc:datafield><marc:datafield tag="300" ind1=" " ind2=" "><marc:subfield code="a">274 pages ;</marc:subfield><marc:subfield code="c">24 cm.</marc:subfield></marc:datafield><marc:datafield tag="336" ind1=" " ind2=" "><marc:subfield code="a">text</marc:subfield><marc:subfield code="b">txt</marc:subfield><marc:subfield code="2">rdacontent.</marc:subfield></marc:datafield><marc:datafield tag="337" ind1=" " ind2=" "><marc:subfield code="a">unmediated</marc:subfield><marc:subfield code="b">n</marc:subfield><marc:subfield code="2">rdamedia.</marc:subfield></marc:datafield><marc:datafield tag="338" ind1=" " ind2=" "><marc:subfield code="a">volume</marc:subfield><marc:subfield code="b">nc</marc:subfield><marc:subfield code="2">rdacarrier.</marc:subfield></marc:datafield><marc:datafield tag="500" ind1=" " ind2=" "><marc:subfield code="6">880-05</marc:subfield><marc:subfield code="a">Ḥuqūq al-ṭabʻ maḥfūẓah lil-muʼallif.</marc:subfield></marc:datafield><marc:datafield tag="500" ind1=" " ind2=" "><marc:subfield code="a">Colophon dated: Dhī al-Qiʻdah sanat 1365 H.</marc:subfield></marc:datafield><marc:datafield tag="650" ind1=" " ind2="0"><marc:subfield code="a">Islamic law.</marc:subfield></marc:datafield><marc:datafield tag="650" ind1=" " ind2="0"><marc:subfield code="a">Hanafites.</marc:subfield></marc:datafield><marc:datafield tag="600" ind1="0" ind2="0"><marc:subfield code="a">Abū Ḥanīfah,</marc:subfield><marc:subfield code="d">-767 or 768</marc:subfield><marc:subfield code="x">Criticism and interpretation.</marc:subfield></marc:datafield><marc:datafield tag="600" ind1="1" ind2="0"><marc:subfield code="a">Ibn Abī Shaybah, ʻAbd Allāh ibn Muḥammad,</marc:subfield><marc:subfield code="d">775 or 776-849.</marc:subfield></marc:datafield><marc:datafield tag="650" ind1=" " ind2="0"><marc:subfield code="a">Hadith</marc:subfield><marc:subfield code="x">Criticism, interpretation, etc.</marc:subfield></marc:datafield><marc:datafield tag="600" ind1="1" ind2="0"><marc:subfield code="6">880-06</marc:subfield><marc:subfield code="a">Ibn Abī Shaybah, ʻAbd Allāh ibn Muḥammad,</marc:subfield><marc:subfield code="d">775 or 776-849.</marc:subfield><marc:subfield code="t">Muṣannaf fī al-aḥādīth wa-al-āthār.</marc:subfield><marc:subfield code="k">Selections.</marc:subfield></marc:datafield><marc:datafield tag="880" ind1="1" ind2=" "><marc:subfield code="6">100-01/(3/r</marc:subfield><marc:subfield code="a">كوثري، محمد زاهد بن الحسن،‪</marc:subfield><marc:subfield code="e">author.</marc:subfield></marc:datafield><marc:datafield tag="880" ind1="3" ind2="0"><marc:subfield code="6">246-03/(3/r</marc:subfield><marc:subfield code="a">ردود ابن أبي شيبة على أبي حنيفة.</marc:subfield></marc:datafield><marc:datafield tag="880" ind1="1" ind2="2"><marc:subfield code="6">245-02/(3/r</marc:subfield><marc:subfield code="a">النكت الطريفة في التحدث عن ردود ابن أبي شيبة على أبي حنيفة /‪</marc:subfield><marc:subfield code="c">تأليف الفقير إليه تعالى محمد زاهد بن الحسن الكوثري، وكيل مشيخة الإسلام بدار الخلافة العثمانية سابقن..</marc:subfield></marc:datafield><marc:datafield tag="880" ind1=" " ind2="1"><marc:subfield code="6">264-04/(3/r</marc:subfield><marc:subfield code="a">القاهرة :‪</marc:subfield><marc:subfield code="b">مكتبة الأنوار بالقاهرة،‪</marc:subfield><marc:subfield code="c">1365 ه [1946]</marc:subfield></marc:datafield><marc:datafield tag="880" ind1=" " ind2=" "><marc:subfield code="6">500-05/(3/r</marc:subfield><marc:subfield code="a">حقوق الطبع محفوظة للمؤلف..</marc:subfield></marc:datafield><marc:datafield tag="880" ind1="1" ind2="0"><marc:subfield code="6">600-06/(3/r</marc:subfield><marc:subfield code="a">ابن أبي شيبة، عبد الله بن محمد،‪</marc:subfield><marc:subfield code="d">775 أو 776-849.‪</marc:subfield><marc:subfield code="t">مصنف في الأحاديث والآثار.‪</marc:subfield><marc:subfield code="k">3Selections.</marc:subfield></marc:datafield><marc:datafield tag="907" ind1=" " ind2=" "><marc:subfield code="a">.b14513651</marc:subfield><marc:subfield code="b">main </marc:subfield></marc:datafield><marc:datafield tag="902" ind1=" " ind2=" "><marc:subfield code="a">190115</marc:subfield></marc:datafield><marc:datafield tag="998" ind1=" " ind2=" "><marc:subfield code="b">1</marc:subfield><marc:subfield code="c">080601</marc:subfield><marc:subfield code="d">m</marc:subfield><marc:subfield code="e">a</marc:subfield><marc:subfield code="f">-</marc:subfield><marc:subfield code="g">3</marc:subfield><marc:subfield code="k">TA</marc:subfield></marc:datafield><marc:datafield tag="945" ind1=" " ind2=" "><marc:subfield code="l">main </marc:subfield></marc:datafield></marc:record>
</marc:collection>
